@misc{przypis,
    author    = "mgr Tomasz Zabawa",
    title     = "Matematyka - Liczby zespolone",
    howpublished = "\url{http://wms.mat.agh.edu.pl/~zrr/zespolone/index.htm}"
}

@book{macierze,
    author =    "Grzegorz Banaszak and Wojciech Gajda",
    title =     "Elementy algebry liniowej",
    publisher = "Wydawnictwa Naukowo-Techniczne",
    year =      2002,
    address =   "Warszawa",
    edition =   "1"
}